@article{dempsterlairdrubin77,
    author      = "A. P. Dempster and N. M. Laird and D. B. Rubin",
    title       = "Maximum Likelihood from Incomplete Data via the {EM} Algorithm",
    year        = "1977",
    journal     = "Journal of the Royal Statistical Society. Series B (Methodological)",
    volume      = "39",
    number      = "1",
    pages       = "1-38"
}

@book{esl,
  author    = "Trevor Hastie and Robert Tibshirani and and Jerome Friedman",
  title     = "The Elements of Statistical Learning",
  publisher = "Springer",
  year      = 2001,
  address   = "New York, NY"
}

@unpublished{zhoumatteson,
    author      = "Zhengyi Zhou and David S. Matteson",
    title       = "Predicting {M}elbourne Ambulance Demand using Kernel Warping",
    year        = "2015",
    month       = "July",
    note        = "arXiv:1507.00363"
}
